@book{Koehn_SMT_Book10,
 author = {Koehn, Philipp},
 title = {Statistical Machine Translation},
 year = {2010},
 isbn = {0521874157, 9780521874151},
 edition = {1st},
 publisher = {Cambridge University Press},
 address = {New York, NY, USA},
} 
