@inproceedings{RobenekPlatosSnasel_DATESO13,
author    = {Daniel Robenek and
             Jan Platos and
             V{\'{a}}clav Sn{\'{a}}sel},
title     = {Efficient In-memory Data Structures for n-grams Indexing},
booktitle = {Proceedings of the Dateso 2013 Annual International Workshop on Databases,
             Texts, Specifications and Objects, Pisek, Czech Republic, April 17,
             2013},
pages     = {48--58},
year      = {2013},
 crossref  = {DBLP:conf/dateso/2013},
url       = {http://ceur-ws.org/Vol-971/paper21.pdf},
timestamp = {Mon, 22 Jul 2013 15:19:57 +0200},
biburl    = {http://dblp.uni-trier.de/rec/bib/conf/dateso/RobenekPS13},
bibsource = {dblp computer science bibliography, http://dblp.org}
}

