@inproceedings{Heafield_WMT11,
 author = {Heafield, Kenneth},
 title = {KenLM: Faster and Smaller Language Model Queries},
 booktitle = {Proceedings of the Sixth Workshop on Statistical Machine Translation},
 series = {WMT '11},
 year = {2011},
 isbn = {978-1-937284-12-1},
 location = {Edinburgh, Scotland},
 pages = {187--197},
 numpages = {11},
 url = {http://dl.acm.org/citation.cfm?id=2132960.2132986},
 acmid = {2132986},
 publisher = {Association for Computational Linguistics},
 address = {Stroudsburg, PA, USA}
} 

